@manual{apus3,
title = {Versuchsanleitung zu Versuch Nr. US3 Doppler-Sonographie},
year = 2023,
organization = {Fakult√§t Physik, TU Dortmund},
}
